<?xml version="1.0" encoding="UTF-8"?>
<record xmlns="http://www.loc.gov/MARC21/slim" xmlns:xsi="http://www.w3.org/2001/XMLSchema-instance" xsi:schemaLocation="http://www.loc.gov/MARC21/slim http://www.loc.gov/standards/marcxml/schema/MARC21slim.xsd">
<leader>00000cam a22      a 4500</leader>
<controlfield tag="001">001684809</controlfield>
<controlfield tag="003">NNU</controlfield>
<controlfield tag="005">20160229165337.0</controlfield>
<controlfield tag="008">930513s1933    ir            001 0bara d</controlfield>
<datafield tag="035" ind1=" " ind2=" ">
<subfield code="a">(OCoLC)477004526</subfield>
</datafield>
<datafield tag="040" ind1=" " ind2=" ">
<subfield code="a">NIC</subfield>
<subfield code="b">eng</subfield>
<subfield code="c">N15</subfield>
<subfield code="d">OCLCQ</subfield>
<subfield code="d">OCLCF</subfield>
<subfield code="d">OCLCO</subfield>
<subfield code="d">NNU</subfield>
</datafield>
<datafield tag="043" ind1=" " ind2=" ">
<subfield code="a">a-ir---</subfield>
</datafield>
<datafield tag="050" ind1=" " ind2="4">
<subfield code="a">DS325.I6</subfield>
<subfield code="b">M8 1933</subfield>
</datafield>
<datafield tag="100" ind1="1" ind2=" ">
<subfield code="6">880-01</subfield>
<subfield code="a">Māfarrūkhī, al-Mufaḍḍal ibn Saʻd,</subfield>
<subfield code="d">-approximately 1082.</subfield>
</datafield>
<datafield tag="245" ind1="1" ind2="0">
<subfield code="6">880-02</subfield>
<subfield code="a">Kitāb maḥāsin Iṣfahān /</subfield>
<subfield code="c">taʼlīf Mufaḍḍal ibn Saʻd ibn Ḥusayn al-Māfarrūkhī al-Iṣfahānī. Risālat al-irshād fī aḥwāl al-ṣāḥib ibn ʻAbbād / li-Abī al-Qāsim Aḥmad ibn Muḥammad al-Ḥasanī al-Ḥusaynī al-Qūbāʼī al-Iṣfahānī.</subfield>
</datafield>
<datafield tag="260" ind1=" " ind2=" ">
<subfield code="6">880-03</subfield>
<subfield code="a">[Place of publication not identified] :</subfield>
<subfield code="b">[publisher not identified],</subfield>
<subfield code="c">1933</subfield>
<subfield code="e">(Tehrān :</subfield>
<subfield code="f">Maṭbaʻat Majlis al-Mullá)</subfield>
</datafield>
<datafield tag="300" ind1=" " ind2=" ">
<subfield code="a">141, 56 pages ;</subfield>
<subfield code="c">22 cm</subfield>
</datafield>
<datafield tag="336" ind1=" " ind2=" ">
<subfield code="a">text</subfield>
<subfield code="b">txt</subfield>
<subfield code="2">rdacontent</subfield>
</datafield>
<datafield tag="337" ind1=" " ind2=" ">
<subfield code="a">unmediated</subfield>
<subfield code="b">n</subfield>
<subfield code="2">rdamedia</subfield>
</datafield>
<datafield tag="338" ind1=" " ind2=" ">
<subfield code="a">volume</subfield>
<subfield code="b">nc</subfield>
<subfield code="2">rdacarrier</subfield>
</datafield>
<datafield tag="500" ind1=" " ind2=" ">
<subfield code="a">Titles on p. [4] of cover: Ketabe mahassene Isphahan ... Ressalat-ol-Arshad in the history of Sahib ibn Abbad.</subfield>
</datafield>
<datafield tag="500" ind1=" " ind2=" ">
<subfield code="a">Includes indexes.</subfield>
</datafield>
<datafield tag="600" ind1="1" ind2="0">
<subfield code="6">880-04</subfield>
<subfield code="a">Ṣāḥib al-Ṭālqānī, Abū al-Qāsim Ismāʻīl ibn ʻAbbād,</subfield>
<subfield code="d">936-995.</subfield>
</datafield>
<datafield tag="651" ind1=" " ind2="0">
<subfield code="a">Iṣfahān (Iran)</subfield>
<subfield code="v">Biography.</subfield>
</datafield>
<datafield tag="600" ind1="1" ind2="7">
<subfield code="a">Ṣāḥib al-Ṭālqānī, Abū al-Qāsim Ismāʻīl ibn ʻAbbād,</subfield>
<subfield code="d">936-995.</subfield>
<subfield code="2">fast</subfield>
<subfield code="0">(OCoLC)fst00108573</subfield>
</datafield>
<datafield tag="651" ind1=" " ind2="7">
<subfield code="a">Iran</subfield>
<subfield code="z">Iṣfahān.</subfield>
<subfield code="2">fast</subfield>
<subfield code="0">(OCoLC)fst01220534</subfield>
</datafield>
<datafield tag="655" ind1=" " ind2="7">
<subfield code="a">Biography.</subfield>
<subfield code="2">fast</subfield>
<subfield code="0">(OCoLC)fst01423686</subfield>
</datafield>
<datafield tag="700" ind1="1" ind2=" ">
<subfield code="6">880-05</subfield>
<subfield code="a">Qūbāʼī al-Isfahānī, Abū al-Qāsim Aḥmad ibn Muḥammad.</subfield>
<subfield code="t">Risālat al-Irshād fī aḥwāl al-ṣāḥib al-kāfī Ismāʻīl ibn ʻAbbād.</subfield>
</datafield>
<datafield tag="740" ind1="0" ind2=" ">
<subfield code="6">880-06</subfield>
<subfield code="a">Maḥāsin Iṣfahān.</subfield>
</datafield>
<datafield tag="740" ind1="0" ind2=" ">
<subfield code="a">Ketabe mahassene Isphahan.</subfield>
</datafield>
<datafield tag="740" ind1="0" ind2=" ">
<subfield code="a">Ressalat-ol-Arshad in the history of Sahib ibn Abbad.</subfield>
</datafield>
<datafield tag="880" ind1="1" ind2=" ">
<subfield code="6">100-01/</subfield>
<subfield code="a">مافروخي، المفضل بن سعد،</subfield>
<subfield code="d">-approximately 1082.</subfield>
</datafield>
<datafield tag="880" ind1="1" ind2="0">
<subfield code="6">245-02/</subfield>
<subfield code="a">كتاب محاسن اصصفهان /</subfield>
<subfield code="c">تأليف مفضل بن سعد بن حسين العافروخى الاصفهاني.</subfield>
</datafield>
<datafield tag="880" ind1=" " ind2=" ">
<subfield code="6">260-03/</subfield>
<subfield code="a">[Place of publication not identified] :</subfield>
<subfield code="b">[publisher not identified],</subfield>
<subfield code="c">1933</subfield>
<subfield code="e">(تهران :</subfield>
<subfield code="f">مطبعة مجلس الملّى)</subfield>
</datafield>
<datafield tag="880" ind1="1" ind2="0">
<subfield code="6">600-04/</subfield>
<subfield code="a">صاحب الطالقاني، ابو القاسم اسماعيل بن عباد،</subfield>
<subfield code="d">936995.</subfield>
</datafield>
<datafield tag="880" ind1="1" ind2=" ">
<subfield code="6">700-05/</subfield>
<subfield code="a">قوبائي الاصفهاني، ابو القاسم احمد بن محمد.</subfield>
<subfield code="t">رسالة الارشاد في احوال الصاحب الكافي اسماعيل بن عباد.</subfield>
</datafield>
<datafield tag="880" ind1="0" ind2=" ">
<subfield code="6">740-06/</subfield>
<subfield code="a">محاسن اصفهان.</subfield>
</datafield>
<datafield tag="OWN" ind1=" " ind2=" ">
<subfield code="a">GENERAL</subfield>
</datafield>
<datafield tag="AVA" ind1=" " ind2=" ">
<subfield code="a">NYU50</subfield>
<subfield code="b">BOBST</subfield>
<subfield code="c">Main Collection</subfield>
<subfield code="d">DS325.I6 M8</subfield>
<subfield code="e">unavailable</subfield>
<subfield code="t">Unavailable</subfield>
<subfield code="f">1</subfield>
<subfield code="g">1</subfield>
<subfield code="h">N</subfield>
<subfield code="i">1</subfield>
<subfield code="j">MAIN</subfield>
<subfield code="k">0</subfield>
</datafield>
</record>
